3000 4900
810 272 862 348 22
978 364 980 367 ,

272 462 330 527 lud
351 483 418 526 non
440 469 575 550 potesta
605 458 679 526 Hoc
700 474 779 529 vero
799 458 922 547 optime
939 478 1054 523 rursus
1071 457 1222 523 atera&
1239 476 1419 544 asponen-

272 563 316 628 tis
335 564 512 647 stabilitur,
535 563 606 630 sive
623 563 709 651 ipse,
731 562 791 651 'qui
809 560 1041 653 vulp-auctor
1061 558 1247 648 putabatur,
1269 559 1305 623 ia
1322 558 1419 644 aliis,

273 690 357 754 quae
378 666 519 733 fortasse
539 666 649 732 minus
672 675 749 730 nota
771 672 877 747 erant,
899 656 1036 751 scripfis
1052 662 1216 750 genuinis»
1229 662 1350 729 tium
1373 662 1420 728 il·

272 771 341 835 lum
363 770 405 834 ad
426 770 527 835 alium
549 769 742 857 scriptorem
763 767 877 852 refert,
900 765 972 833 sire
987 765 1051 832 alia
1068 764 1121 832 vel
1137 765 1343 854 antiquitatis
1358 765 1421 831 vel

272 874 434 939 bonorum
467 872 618 939 codicum
645 869 835 937 testimonia
866 868 957 934 aliud
987 868 1129 935 auctoris
1161 892 1282 935 nomeu
1312 868 1419 934 nobis

271 977 423 1061 tradunt,
454 977 525 1043 sive
552 974 695 1063 denique
719 973 790 1063 ipsi
814 971 938 1061 scripto
959 970 1098 1037 idoneae
1118 972 1295 1048 adhaerent
1314 981 1420 1036 notre

272 1089 370 1168 atque
391 1079 515 1144 indicia
536 1087 689 1161 externa,
722 1099 764 1142 ex
791 1075 913 1164 quibus
934 1075 1008 1151 veti
1027 1074 1312 1141 rumoris-nomen
1333 1073 1419 1140 elici

272 1182 379 1268 possit
395 1180 437 1271 ¹).
461 1221 503 1233 -
539 1182 734 1269 Quanquam
763 1177 944 1244 seeundum
972 1186 1107 1243 extem
1133 1177 1193 1243 itta
1220 1186 1418 1266 argutum·

272 1305 309 1348 ae
337 1295 466 1371 praeter
494 1309 532 1350 ea
562 1283 659 1349 etiam
688 1286 825 1348 interno
853 1279 932 1346 licet
959 1278 994 1344 iu
1017 1302 1087 1345 rem
1108 1302 1246 1347 raearar
1281 1300 1360 1344 nam
1384 1277 1419 1343 si

271 1407 325 1450 res
346 1386 546 1468 nonnullae,
579 1407 662 1474 quas
692 1393 807 1450 auctor
835 1383 894 1472 qui
922 1393 1055 1473 putatur
1082 1382 1119 1448 in
1146 1382 1286 1471 reliquis
1314 1381 1418 1446 libris

271 1486 427 1574 genuinis
454 1488 546 1553 nulla
570 1498 705 1554 coaetus
726 1485 973 1552 necessitudine
992 1509 1129 1576 prorsus
1142 1484 1246 1551 aliter
1266 1483 1419 1549 narravit

271 1590 506 1679 tractavitque,
540 1589 627 1679 apud
654 1610 757 1655 unam
783 1598 911 1654 tantum
933 1589 1034 1656 alium
1055 1589 1251 1677 scriptorem
1272 1585 1346 1675 pari
1369 1586 1418 1651 si·

272 1690 384 1756 milive
405 1692 503 1758 modo
524 1693 697 1780 leguntur,
731 1692 802 1758 sive
830 1701 917 1774 tota,
950 1715 1034 1780 quae
1059 1702 1177 1780 regnat
1196 1714 1257 1780 per
1277 1689 1417 1772 librum,

273 1791 405 1857 dicendi
426 1794 533 1859 forma
555 1805 652 1883 atque
678 1795 829 1878 indoles,
862 1806 1064 1883 quantopere
1091 1794 1131 1859 rh
1158 1794 1219 1859 illo
1246 1794 1417 1877 abhorret,

272 1903 442 2014 tantopere
464 1896 615 1962 adhunc
637 1898 744 1963 solum
767 1898 926 1986 quadrare
947 1898 1095 1983 videtur,
1128 1899 1208 1962 haec
1236 1896 1318 1960 satis
1340 1919 1417 1983 gra·

273 1995 327 2060 viu
349 1997 421 2063 sine
444 1999 545 2066 dubio
567 2009 758 2088 argumenta
780 2010 870 2085 suut,
892 2001 1014 2089 quibus
1034 1999 1199 2066 commoti
1203 1997 1298 2064 aliter
1304 2008 1418 2093 atque

273 2110 368 2167 antea
389 2101 431 2167 de
452 2112 584 2170 auctore
607 2100 799 2191 scriptionis
816 2102 1017 2188 judicemus
1181 2106 1188 2141 Ι

359 2202 485 2269 Contra
513 2206 617 2270 multo
649 2206 754 2292 magis
789 2204 829 2269 de
858 2202 980 2288 judicii
1008 2204 1114 2268 nostri
1146 2202 1281 2272 veritate
1314 2216 1418 2295 atque

273 2301 458 2371 constantia
475 2295 624 2373 dubitare
639 2306 808 2391 debemus,
828 2331 902 2372 cum
917 2305 1097 2391 nescimus,
1112 2331 1167 2373 cm
1155 2306 1239 2374 alii
1252 2308 1418 2397 seriptum

273 2431 292 2473 u
313 2408 423 2497 priore
445 2421 576 2478 auctore
596 2409 853 2497 abjudicatum
836 2433 908 2496 Jam
929 2432 991 2475 nos
1013 2408 1255 2503 attribuendum
1277 2408 1418 2477 arbitre-

272 2533 366 2597 mur,
389 2515 513 2604 qnippe
535 2516 633 2582 tacite
654 2516 700 2580 ita
721 2516 793 2580 tieri
815 2514 934 2603 potuit,
957 2524 995 2578 ut
1013 2524 1135 2579 temere
1156 2512 1223 2600 ipsi
1244 2509 1342 2602 nobis
1363 2514 1418 2579 of·

272 2613 443 2680 tensiones
465 2611 648 2684 crearemus
669 2609 860 2705 injuriaque
879 2625 1087 2705 propterera
1105 2615 1419 2709 auctoritatemori·

273 2715 448 2807 ginemque
470 2719 548 2785 libri
570 2719 854 2803 addubitaremus,
878 2739 952 2785 cum
974 2718 1137 2785 contraria
1157 2741 1199 2785 ex
1219 2728 1331 2807 parte,
1354 2720 1417 2785 ubi

194 2823 196 2826 ’
274 2817 502 2885 simulacrum
519 2833 685 2890 auctorem
699 2829 889 2888 'monstrare
910 2837 1101 2910 possumus,
1124 2821 1267 2909 positiva
1281 2822 1335 2910 ¹(si
1349 2824 1419 2890 lroc

273 2913 395 2986 dicere
411 2922 503 3009 licet)
534 2935 567 2989 et
595 2926 746 3014 negativa
773 2934 962 3015 argumenta
984 2922 1085 2989 altera
1106 2946 1148 2988 ex
1170 2923 1282 2990 alteris
1305 2925 1416 2991 subsi-

274 3022 365 3087 dium
379 3025 543 3114 accipiant
556 3027 720 3119 fidemque
734 3028 905 3116 majorem.
952 3027 1148 3117 Quanquam
1165 3027 1319 3092 nolumus
1340 3029 1416 3117 qui·

274 3125 347 3191 dem
369 3145 489 3215 negare
509 3153 640 3215 nos,e
622 3133 719 3199 etiam
742 3135 944 3223 nepotiana
966 3132 1047 3198 lraee
1068 3131 1139 3196 sola
1159 3154 1221 3220 per
1241 3153 1297 3214 se,
1319 3131 1416 3197 dum·

214 3247 217 3253 “
274 3228 371 3294 modo
393 3225 502 3297 cautio
522 3233 726 3320 adhibeatur,
754 3236 866 3321 magni
887 3234 1037 3297 habenda
1058 3254 1144 3313 esse,
1167 3232 1360 3317 praesertim
1382 3233 1416 3296 si

274 3330 432 3399 historico
453 3335 564 3430 potius
586 3346 795 3430 externoque
816 3343 906 3415 sunt,
929 3354 1056 3420 quam
1046 3354 1088 3397 ex
1108 3327 1179 3394 solo
1200 3330 1241 3394 de
1259 3353 1325 3419 quo
1344 3332 1415 3421 api·

273 3442 327 3496 tur
348 3434 472 3522 scripto
484 3435 644 3551 repetita.
689 3435 747 3502 sie
776 3457 817 3501 ex
841 3445 987 3500 veterum
1017 3431 1214 3521 scriptorum
1236 3434 1416 3525 antiquita·

273 3531 383 3621 tisque
404 3533 539 3599 omnino
561 3536 760 3602 testimoniis
782 3534 936 3601 concludi
955 3544 1083 3626 potest,
1099 3535 1141 3600 in
1163 3538 1254 3605 aliud
1276 3561 1416 3632 neeesse

273 3656 348 3701 esse
363 3646 493 3727 tempus
509 3637 603 3703 eadat
617 3636 714 3722 liber,
737 3639 779 3704 de
796 3655 862 3726 quo
877 3647 1010 3725 agatur3
1032 3639 1211 3724 ueletiam,
1235 3665 1294 3730 qur
1283 3641 1414 3730 vulgo

273 3749 386 3804 auctor
407 3750 599 3824 censeatur,
621 3741 797 3832 scripsisse
819 3762 894 3808 euna
915 3742 1048 3831 quidem
1070 3742 1111 3808 de
1133 3742 1247 3808 eodem
1270 3742 1414 3810 similive

272 3852 482 3928 argumento,
515 3844 574 3908 sed
603 3865 740 3932 prorsus
771 3845 901 3912 diversa
929 3845 1055 3911 ratione
1085 3844 1274 3933 disputasse
1302 3846 1344 3912 {le
1373 3868 1414 3911 eo

273 3943 438 4032 aliumque
460 3945 590 4011 titulum
613 3947 833 4037 imposuisse,
864 3948 910 4015 ita
939 3958 976 4012 ut
1002 3946 1174 4013 imitatoris
1196 3948 1307 4037 potius
1328 3970 1413 4037 opus

272 4046 308 4110 in
331 4047 483 4113 manibus
509 4048 628 4116 habere
650 4050 837 4138 videamur,
868 4052 958 4143 quod
984 4050 1081 4117 etiam
1109 4075 1148 4117 co
1175 4073 1413 4140 nonnunquam

328 4218 360 4311 1)
372 4219 452 4276 vetuti
472 4230 582 4309 propter
601 4224 770 4279 acrostichon
789 4226 869 4279 Acar
1016 4224 1121 4276 οῦαΚ
1129 4224 1236 4274 nac
1175 4225 1257 4284 cotra
1264 4217 1367 4279 1⁰4³

221 4317 224 4324 ’
271 4290 360 4418 repsi
377 4296 425 4419 rtis
441 4288 768 4364 ‘Britannicarum
786 4296 830 4355 tui
848 4303 924 4350 anter
927 4228 1124 4361 tiibueiatur,
1142 4309 1230 4366 nuper
1244 4292 1308 4362 J‘ura
1324 4292 1413 4347 dero-

273 4380 331 4432 gaa
352 4380 381 4419 es
