3000 4900
799 200 853 274 58

260 383 370 466 credo,
394 383 611 450 intellexisset
630 383 789 467 wolfius,
812 394 912 449 totam
934 408 1006 473 qna
1018 408 1100 453 erus
1124 394 1213 451 esset
1234 384 1313 449 artis
1336 383 1408 449 cri·

260 484 344 549 tieac
367 486 526 551 rationem
547 486 639 552 ebrio
662 486 793 575 potins,
826 509 924 574 qaam
946 488 1075 573 oebalo,
1104 488 1241 553 numine
1261 486 1393 574 regi
1357 512 1411 552 vr-

138 652 142 661 ,
259 586 349 671 deri,
383 611 425 654 ne
452 588 562 677 quivis
592 590 701 655 statim
728 590 855 656 incerto
875 601 1003 656 tantum
1026 598 1083 659 rut
1103 614 1237 680 crepero
1260 613 1323 654 neu
1350 614 1412 655 on·

255 689 389 775 jusdam
418 691 716 757 verisimilitudinis
745 692 980 782 opinionisque
1008 694 1145 759 arbrtmo
1156 695 1184 783 1)
1212 703 1413 782 argrinum

261 789 430 857 Wolfiana
442 793 506 857 niti
520 793 735 880 existimaret,
758 796 930 862 universas
945 797 1122 862 nonnullas
1139 797 1230 886 leges
1245 795 1413 860 rationes·

261 915 326 979 qne
351 895 522 981 praemisit
534 896 585 984 2),
618 896 660 960 ad
683 922 766 986 quas
789 898 939 986 singulae
962 900 1081 965 deinde
1101 899 1413 964 animadversiones

262 996 465 1062 orationibus
484 998 651 1084 subjectae
672 1000 821 1067 revocari
842 1012 980 1089 possent
1002 1026 1021 1066 a
1041 1001 1234 1067 lectoribus.
1279 1000 1414 1090 Loqui·

243 1107 314 1160 tur
333 1097 438 1186 igitur
458 1123 526 1166 nou
549 1102 656 1167 solum
680 1103 770 1193 (pag.
786 1104 1065 1226 XXXVII-IX)
1084 1106 1125 1169 de
1142 1104 1311 1223 erroribus
1329 1127 1415 1222 pec·

261 1303 384 1368 nostris
408 1305 712 1396 deprehendantur,
741 1310 975 1376 verumetiam
999 1310 1089 1399 (pag.
1113 1308 1340 1396 XXXI—III)
1371 1308 1416 1374 de

261 1405 387 1470 ratione
407 1410 637 1495 grammatica,
662 1410 752 1499 (pag
775 1411 927 1477 XXXIII
942 1414 1015 1502 sq.)
1035 1415 1076 1479 de
1099 1414 1206 1502 logica
1229 1410 1416 1476 effitientia·

260 1528 335 1571 rum
361 1509 515 1593 ueritate,
548 1511 638 1601 (pag.
661 1513 816 1580 XXXIV
818 1516 939 1604 -VII)
970 1516 1011 1581 de
1038 1516 1204 1603 elegantia
1220 1525 1263 1578 et
1286 1512 1416 1577 ceteris

262 1608 438 1677 virtutibus
452 1615 626 1680 rhetoricis
639 1617 684 1704 ὅ),
705 1617 795 1706 (pag.
808 1617 872 1682 XL
885 1618 955 1706 sq.)
979 1617 1124 1682 decivili
1139 1614 1315 1704 prudentia
1327 1620 1416 1703 qud·

238 1720 241 1731 '
263 1710 350 1797 dam,
372 1714 466 1803 (pag.
478 1715 559 1780 XLI
571 1719 641 1806 aq.)
657 1720 699 1783 de
720 1722 908 1785 charactere
926 1720 985 1807 qui
1003 1719 1124 1798 dicitnr
1140 1718 1313 1783 Cicer-'onis'
1330 1741 1415 1804 pro·

263 1815 337 1901 prio
348 1817 391 1906 4).
438 1818 531 1901 Quae
550 1820 660 1883 omnia
677 1844 753 1885 cum
772 1832 829 1885 aut
844 1822 954 1886 desint
969 1821 1173 1888 orationibus
1190 1820 1327 1905 metris,
1351 1831 1416 1884 ant

263 1916 398 1984 minime
426 1919 494 1984 sint
523 1920 741 1987 Ciceroniana
771 1923 806 1987 in
837 1925 905 2009 cis,
939 1925 1034 2014 sequi
1059 1926 1129 2011 jam
1160 1933 1274 1988 censet
1300 1921 1415 1987 Tullii

264 2021 451 2109 castigator,
474 2035 510 2088 ut
532 2024 696 2090 orationes
718 2025 795 2093 illae
815 2027 970 2094 Ciceroni
993 2024 1197 2112 derogandae
1220 2022 1411 2088 rideantur.

287 2174 292 2181 .
348 2124 474 2190 Verum
495 2126 663 2192 enimvero
689 2129 861 2213 generales
890 2127 1054 2214 ejusmodi
1081 2125 1246 2208 rationes,
1276 2118 1424 2190 etiamsi

262 2248 323 2312 per
344 2246 379 2290 se
401 2225 591 2291 verissimas
613 2250 668 2292 eas
691 2251 766 2292 esse
788 2253 894 2318 neque
919 2230 1019 2295 ullam
1035 2226 1274 2294 dubitationem
1291 2227 1413 2292 admit·

263 2338 331 2393 tere
349 2339 514 2394 constaret
528 2328 573 2421 ⁵),
597 2354 639 2395 ne
661 2332 710 2396 sic
735 2332 869 2420 quidem
890 2330 1066 2421 quicquam
1082 2329 1409 2419 'probarentqimmo

264 2432 483 2519 quaerendum
502 2433 573 2522 jam
595 2422 657 2517 est,
682 2445 714 2499 et
736 2435 880 2519 omnino¹
893 2435 1101 2524 pendeantne
1121 2456 1233 2498 revera
1255 2427 1409 2516 singulae

265 2535 491 2600 annotationes
506 2535 642 2620 abillis,
659 2547 692 2600 et
703 2562 781 2603 vero
794 2538 904 2621 etiam,
924 2538 953 2601 si
967 2536 1012 2601 ita
1023 2537 1166 2618 videtur,
1183 2556 1305 2597 numne
1319 2531 1410 2596 forte

263 2659 323 2723 per
345 2636 482 2699 abusum
504 2637 635 2725 potius,
667 2649 702 2702 ut
724 2639 823 2705 facile
843 2639 916 2705 fieri
937 2650 1064 2729 potest,
1093 2638 1135 2703 ad
1157 2636 1307 2723 singulos
1329 2634 1410 2699 illae

264 2738 355 2803 locos
377 2739 496 2804 relatae
518 2739 603 2822 sint,
633 2763 716 2828 qnos
739 2753 828 2809 recte
850 2742 1031 2831 explicatos
1053 2750 1108 2804 aut
1128 2738 1273 2806 breviter
1294 2736 1411 2799 delen-

265 2864 320 2905 sos
345 2841 538 2929 saepissime
555 2843 654 2931 plane
670 2841 818 2931 integros
835 2846 972 2914 evadere
988 2841 1184 2908 ridebimus.
1200 2877 1239 2886 -
1262 2837 1411 2902 Proinde

265 2941 397 3007 omissis
421 2944 507 3029 illis,
537 2970 621 3034 quae
643 2948 796 3013 universa
819 2944 976 3010 disseruit
997 2942 1161 3026 Wolfius,
1192 2942 1233 3005 nd
1256 2941 1408 3028 singulos

265 3046 373 3110 statim
403 3046 513 3114 locos
526 3045 729 3114 accedamus
749 3046 1022 3133 dijudicandos,
1038 3046 1303 3136 quandoquidem
1334 3044 1410 3109 solo

265 3145 411 3239 ipsorum
435 3152 583 3216 examine
606 3151 770 3236 ejusmodi
781 3151 1001 3240 quaestiones
1024 3151 1063 3214 ad
1086 3148 1249 3256 liquidum
1270 3144 1411 3265 perduci

265 3267 406 3342 possunt
418 3253 460 3343 ⁶)
515 3253 754 3346 Quanquam
738 3255 996 3340 moderationem
1026 3237 1198 3371 quandam
1217 3245 1324 3313 hac
1307 3273 1343 3311 ιιι
1371 3273 1410 3316 re

265 3356 505 3472 adhibebimus,
529 3380 570 3420 ne
586 3379 746 3446 ponamus
766 3330 978 3443 simpliciter
972 3351 1081 3452 omnia
1098 3376 1171 3418 eum
1176 3343 1293 3462 taedio
1307 3350 1409 3438 lec-to

323 3594 347 3665 il
369 3593 441 3667 quod
461 3603 487 3648 et
506 3595 593 3664 ipsum
619 3611 648 3646 se
673 3592 881 3663 perhorrescere
901 3592 936 3645 nit
956 3590 1038 3645 Wour
1060 3610 1086 3663 p.
1105 3589 1197 3644 XXIII
1210 3608 1266 3661 sq·
1292 3588 1341 3642 etsi
1358 3587 1409 3640 ni-

267 3683 322 3736 hilo
343 3684 502 3736 minusaon
517 3682 627 3736 saltarit
642 3682 706 3735 ille..
786 3723 787 3728 ,

320 3772 347 3838 2)
367 3772 404 3824 uti
424 3770 482 3826 sere
496 3768 653 3824 Plutarchus
668 3769 709 3823 De
725 3769 833 3838 malign.
849 3768 913 3824 Her.
929 3788 952 3823 c.
968 3775 1108 3826 lexeru
1111 3763 1211 3835 exeita
1214 3778 1286 3824 aceo·
1277 3761 1385 3830 ιιϊχι
1371 3785 1408 3833 ιη

289 3864 374 3924 “⁴7⁹
382 3879 441 3929 00
437 3866 538 3920 rw
547 3854 687 3927 αδιηγὴσε
690 3877 737 3915 ιιι
754 3856 859 3927 judicio
878 3858 1008 3912 lentorum
1029 3857 1116 3911 statim
1136 3855 1228 3909 initio
1233 3852 1355 3924 adjicit.

319 3948 345 4019 3)
365 3947 407 4003 CI.
423 3949 502 4003 etiarn
523 3945 667 4002 Moron
687 3965 713 4018 p.
734 3944 824 3999 LVIII
844 3965 902 4020 sqq.

320 4041 346 4110 ll
366 4038 398 4092 V.
416 4037 494 4092 etiarn
517 4034 588 4089 an
607 4036 624 4089 l.
641 4035 660 4089 1.
680 4053 706 4106 p.
725 4034 778 4091 619
797 4053 838 4106 sq.
1286 4057 1288 4068 =

321 4127 349 4196 bl
366 4127 440 4199 quod
458 4126 567 4182 minime
586 4124 619 4179 de
638 4125 765 4178 omnibus
783 4121 1066 4192 conoediposscjaru
1092 4136 1173 4190 supra
1198 4117 1313 4174 vietum
1335 4114 1366 4192 9
1385 4118 1407 4169 l.

322 4216 348 4285 6)
366 4215 440 4287 qnod
460 4223 485 4268 et
509 4215 567 4284 ipso
592 4231 654 4267 mox
679 4212 809 4267 intellexit
835 4210 959 4265 Worrrus
984 4227 1011 4279 p.
1030 4206 1120 4269 xm
1148 4226 1172 4260 ι.
1192 4206 1272 4260 etiem
1290 4202 1409 4267 Wrrsrr,

270 4303 326 4358 Cic.
347 4303 409 4359 Οιι.
426 4301 492 4357 XIII
512 4303 640 4367 selectae.
661 4322 685 4373 p.
706 4299 783 4356 Xlll.
