3000 4900
782 222 838 301 m
874 334 881 357 t

241 418 360 483 tolssct
384 416 498 482 Clodii
526 436 640 500 soror,
672 425 780 479 tamen
803 423 961 499 cognata,
992 412 1179 501 propinqua
1201 422 1330 479 et‘esse
1354 424 1386 477 et

240 522 306 586 diei
327 521 446 609 potuit.
493 518 713 603 Quamobrem
744 534 818 583 eum
846 516 887 580 id
910 516 1019 605 ipsum
1041 518 1149 581 scelos
1172 525 1261 582 must
1282 530 1386 581 unum

240 623 386 688 omnium
408 623 631 701 teterrimum,
664 620 754 709 quod
783 640 858 685 eom
886 610 1041 705 germana
1067 640 1180 684 sorore
1206 620 1305 684 bomo
1329 620 1385 685 ille

240 748 307 791 rem
326 726 446 809 babere
467 748 534 789 non
554 723 848 804 verecundabatur,
870 721 995 810 optlmc
1009 718 1144 787 'llallins
1161 721 1388 809 qerrnanitatis

240 838 413 916 ea·stupra
435 826 615 915 appellat·
643 823 700 891 Gl'.
723 826 823 889 etiam
844 824 964 889 Milon.
986 818 1107 914 Q‘g.
1129 825 1172 888 76
1203 824 1308 889 »Cum
1337 846 1388 887 so·

240 952 314 995 rere
334 952 499 1020 permeata
521 928 689 1001 octauum
711 937 863 1013 stuprum
887 927 999 991 lecit«.
1253 956 1256 967 ·

327 1031 413 1096 Cum
434 1052 513 1095 vero
536 1052 566 1095 c.
589 1030 645 1111 24,
670 1027 702 1118 ᾗ.
724 1029 781 1110 52,
804 1051 839 1116 p.
859 1029 926 1093 3⁷8
954 1029 1053 1094 verba
1079 1030 1224 1094 »retlitua
1246 1033 1278 1096 ei
1298 1053 1389 1118 pru·

243 1139 328 1202 tine
345 1144 464 1222 putet«
478 1162 496 1213 ‚·
523 1131 580 1196 ubi
609 1130 822 1195 Marklaudas
851 1132 964 1218 potius
996 1133 1199 1199 areditns‘iu
1220 1137 1388 1223 pretium«

242 1245 498 1325 exspectaverat,
518 1235 589 1319 jam
611 1258 629 1298 a
652 1232 821 1298 Saeuusro
845 1234 894 1320 (p.
914 1234 1051 1298 XXXV
1065 1238 1133 1324 sq.)
1157 1247 1245 1302 recte
1268 1236 1314 1299 ita
1336 1254 1390 1298 ex*

242 1340 362 1428 plicata
382 1339 463 1421 sint,
487 1347 523 1399 nt
544 1340 677 1426 prutiue
699 1358 760 1422 pro
783 1336 942 1423 genitivo,
963 1337 1024 1425 qul
1047 1339 1180 1422 dicitnr,
1205 1338 1390 1423 subjective

242 1440 427 1509 babendum
444 1451 550 1523 csse13
573 1463 662 1504 nrrnc
682 1438 792 1502 statim
807 1440 851 1502 ¹ad
866 1440 963 1504 duem
985 1441 1144 1506 orationis
1162 1462 1390 1539 properemus,

243 1570 273 1609 c.
297 1544 353 1625 ill,
386 1540 417 1632 ξ
439 1544 486 1607 62
516 1544 740 1631 (uuuueiutur
763 1540 873 1609 terrac
896 1556 1004 1608 motus
1032 1568 1107 1608 erem
1137 1534 1390 1638 quibusdum

243 1646 391 1711 multis
414 1648 665 1741 metuendisque
687 1647 847 1734 retusa),
870 1646 928 1710 ubi
951 1669 1024 1709 cum
1045 1645 1257 1708 Marklandus
1280 1644 1391 1708 dimit·

244 1761 312 1813 tene
340 1758 428 1811 certe
447 1770 522 1812 eum
544 1766 625 1835 paee
647 1748 842 1833 scriptorem
868 1736 1027 1826 voluerit,
1060 1746 1208 1813 Wolfins
1231 1747 1391 1833 injustam

244 1853 330 1913 lianc
342 1849 510 1912 lenitatem
522 1849 708 1913 arbitratur.
754 1848 979 1912 Veruntamen
994 1868 1181 1935 quanquam
1196 1870 1270 1913 eum
1284 1844 1392 1912 Mark-

244 1951 397 2017 landiaua
418 1950 485 2015 loci
508 1948 702 2015 defensione
718 1950 744 2037 ¹)
766 1972 808 2014 uc
827 1973 889 2013 nos
905 1949 1036 2036 quidem
1055 1950 1295 2032 consentimus,
1316 1951 1392 2014 nub

244 2056 309 2121 lius
331 2075 468 2141 prorsus
486 2063 586 2140 egent
609 2051 707 2117 verba
731 2051 950 2121 defensionis.
996 2051 1100 2113 lmmo
1118 2051 1392 2137 quemadmodum

244 2154 584 2240 omnian'pronomcn
611 2154 805 2247 »quidam«,
830 2174 898 2215 rem
917 2152 1060 2239 aliquam
1077 2164 1188 2215 nomm
1209 2153 1298 2217 illam
1319 2153 1394 2242 qui·

245 2257 320 2320 dem
341 2255 371 2318 ei
389 2276 489 2333 esse,
519 2254 577 2340 qni
600 2254 773 2340 loquatur,
801 2253 863 2317 ¹sod
885 2263 994 2321 umen
1015 2277 1085 2323 non
1107 2254 1291 2320 accuratius
1314 2258 1393 2321 det·

216 2408 220 2414 .
246 2355 404 2422 niaudam
425 2355 551 2439 videri,
577 2356 762 2444 significat,
787 2355 832 2420 ita
854 2357 889 2418 b.
913 2355 937 2419 Ι.
962 2355 1082 2422 Cicero
1103 2356 1292 2423 metuendas
1315 2358 1390 2420 illas

245 2484 301 2526 rea
328 2458 402 2547 ipse
428 2460 522 2524 novit
549 2461 606 2525 ille
633 2461 788 2549 quidem,
822 2462 881 2525 sed
910 2481 1101 2525 enumcrare
1130 2483 1184 2524 eas
1211 2481 1278 2528 sau
1306 2453 1387 2521 volt.

246 2562 336 2646 Quid
364 2562 465 2652 igitur
489 2561 559 2644 jam
591 2562 806 2626 inusitatom'l
844 2562 926 2651 quid
956 2562 1097 2643 nisam,
1131 2572 1192 2626 aut
1217 2560 1390 2647 iudignum

248 2663 410 2728 Cicerone
420 2637 492 2724 ‘l¹¹
972 2700 976 2706 -
1207 2689 1209 2696 s

247 2905 274 2956 δ.
311 2903 336 2970 §-
358 2901 400 2957 10.
441 2901 481 2950 De
495 2910 653 2970 reprimente
670 2919 703 2951 ex
716 2899 908 2958 similitudine,
929 2913 999 2970 quae
1018 2901 1087 2948 iuter
1105 2897 1225 2947 truite-une
1244 2897 1395 2949 orationem

394 3008 421 3050 et
438 2999 561 3068 rettquas
578 3018 595 3048 ιι
616 2997 724 3068 Wolfio
745 3001 922 3070 improperatus
941 2989 1100 3057 intercedit,
1118 3002 1243 3068 repetito.

336 3095 573 3212 »Atfinquiet
595 3124 780 3214 quispiam,
807 3124 887 3190 licet
909 3125 1059 3213 singulos
1083 3125 1173 3210 locos
1197 3119 1395 3212 singulaque

249 3229 347 3295 verba
370 3227 532 3294 Cicerone
561 3228 697 3315 indigna
725 3252 766 3293 ex
787 3231 848 3293 bac
866 3217 1019 3302 ¹oratione
1043 3229 1156 3292 afferre
1178 3249 1395 3315 nequeamus,

250 3329 340 3395 aliod
361 3340 470 3394 tumen
493 3342 718 3417 argumentum
739 3353 801 3417 pro
821 3330 918 3394 nobis
936 3341 1061 3424 pugnat
1077 3328 1210 3396 minime
1225 3327 1396 3414 negligen-

252 3431 342 3514 darm,
366 3451 491 3494 summa
508 3429 702 3516 similitudo,
725 3454 809 3518 quae
832 3431 918 3496 inter
939 3435 1023 3508 banc
1042 3433 1223 3496 orationem
1243 3431 1396 3520 interque

249 3532 392 3620 reliquas
415 3531 496 3596 Post
519 3529 660 3593 reditum
683 3545 716 3597 et
737 3532 789 3597 De
813 3534 909 3598 domo
932 3534 1059 3616 habitas
1083 3534 1277 3600 intercedit.
1313 3534 1395 3600 bine

251 3633 339 3698 enim
368 3656 442 3696 eum
470 3644 624 3721 appareat
653 3636 758 3704 eidem
789 3661 903 3702 omncs
934 3637 1060 3718 auctori
1087 3661 1161 3701 esse
1190 3635 1395 3720 tribuendas,

179 3793 183 3802 ,
252 3747 346 3801 antea
374 3736 518 3825 reliquas
548 3761 679 3827 quoque
708 3738 831 3824 injuria
860 3741 899 3805 de
930 3741 1032 3805 veteri
1054 3733 1266 3827 possessione
1288 3749 1394 3803 motas

251 3861 324 3904 csse
346 3841 666 3906 commonstrandum
689 3853 760 3925 est,
793 3868 891 3932 qnam
920 3841 1017 3930 nobis
1046 3842 1088 3932 de
1110 3839 1209 3925 bajus
1233 3840 1394 3906 orationis

199 4009 201 4013 ,
251 3939 442 4036 anctoritate
463 3943 673 4028 persuadeas.
680 3970 695 4003 u
718 3984 757 3993 —
782 3946 833 4010 Ae
852 3921 1002 4033 prolecto
1024 3944 1104 4033 quin
1129 3942 1276 4034 ejusdem
1299 3921 1392 4031 qnat-

251 4053 327 4106 tuor
347 4041 424 4108 illae
446 4044 609 4144 orationes
632 4047 774 4113 auctoris
799 4048 885 4129 siut,
919 4045 973 4112 vix
996 4037 1139 4109 dubitari
1161 4056 1292 4134 potcst3
1322 4044 1393 4128 jana

308 4318 334 4382 ¹)
350 4335 382 4371 0¹
401 4337 452 4390 qua
471 4324 633 4389 »quidusdam
651 4328 748 4379 uadis«
766 4326 836 4395 idem
856 4329 1024 4399 mactatque
1042 4328 1116 4380 tuliis
1135 4325 1240 4380 ιιιιιὶιὶιιι.
