3000 4900
786 296 789 301 ·
824 263 876 338 26

279 444 489 513 Dccxcvl
513 445 571 535 (42
590 471 626 537 p.
651 448 764 537 cha),
787 447 993 538 compositas
1008 467 1063 513 eas
1086 447 1290 536 auspicatur,
1312 449 1418 518 Won·

280 574 333 616 aro
351 551 377 640 ¹)
401 551 520 617 deiude
541 551 612 617 veri
634 551 838 617 simillimum
860 561 929 633 est,
962 549 1166 639 conscriptas
1188 576 1243 617 eas
1264 576 1338 619 esse
1360 555 1419 620 aii·

278 664 401 744 quanto
423 664 499 720 ante
520 654 724 739 Asconium,
747 653 929 743 imperante
950 653 1106 739 Tiberio,
1129 654 1340 745 (tamma)
1363 658 1420 723 de·

278 750 379 846 nique
401 758 442 824 ab
464 757 577 846 inepto
598 757 814 824 declamatore
836 756 952 845 primis
974 756 1121 844 Augusti
1142 758 1259 843 annis,
1288 760 1420 826 circiter

278 871 353 926 aute
375 885 405 925 a.
431 860 474 925 U.
499 860 540 925 C.
565 859 724 939 DGGXL
751 860 810 949 (14
832 869 907 926 unte
929 859 1048 948 cha),
1072 860 1211 950 scriptas
1234 885 1290 929 eas
1311 873 1417 952 putat.

277 964 368 1029 Haec
391 984 468 1031 vero
490 964 600 1029 omnia
622 989 697 1030 cum
718 964 814 1029 falsis
836 963 972 1030 omnino
993 963 1127 1031 indiciis
1150 965 1304 1030 conclusa
1327 976 1418 1051 sunt,

277 1077 347 1131 tum
369 1068 497 1133 nullum
519 1067 609 1132 aliud
631 1066 753 1132 habent
774 1067 1043 1152 fundamentum,
1074 1067 1142 1135 nisi
1163 1066 1326 1156 id'quod,
1355 1066 1419 1132 etsi

277 1194 352 1239 vere
384 1170 619 1243 Ciceronianae
654 1170 819 1238 orationes
853 1170 929 1237 ilias
963 1194 1037 1239 esse
1068 1193 1136 1236 non
1167 1180 1320 1258 poteraut
1352 1169 1418 1239 siti

275 1275 472 1363 persuadere
493 1273 558 1353 viai
580 1272 689 1355 docti,
720 1283 829 1337 tannen
841 1273 893 1351 (ad
914 1283 1061 1341 aetatem
1076 1275 1146 1341 tea-e
1168 1272 1420 1353 Ciceronianam

275 1377 465 1451 referendas
488 1399 543 1442 eas
566 1375 812 1453 intellexerunt.
857 1374 966 1441 Modo·
980 1375 1083 1462 igitur
1101 1375 1210 1464 ipsane
1233 1375 1323 1443 iliam
1343 1397 1418 1463 per·

276 1479 464 1543 suasionem
487 1501 601 1544 eorum
623 1479 755 1543 inanem
777 1487 969 1566 essentque
991 1478 1194 1544 temerariam
1215 1462 1418 1544 demonstra-

275 1581 441 1665 verimus,
472 1581 583 1647 omnia
607 1580 738 1663 statim,
769 1604 853 1670 quae
875 1580 946 1645 solu
966 1605 1005 1647 ea
1027 1581 1234 1664 nitebantur,
1265 1581 1420 1646 simulet
1487 1650 1488 1669 .

277 1685 350 1773 ipsa
373 1695 527 1749 corruant
545 1708 681 1751 necesse
703 1684 778 1749 erit.
822 1683 988 1766 Quocirca
1003 1685 1095 1751 illico
1109 1685 1179 1771 jam
1196 1685 1308 1749 adeas
1325 1706 1417 1749 eaus-

276 1809 329 1851 sas
351 1786 565 1852 transibimus
587 1784 852 1876 percensendus,
885 1808 967 1874 quas
990 1786 1147 1853 Ciceroni
1168 1787 1295 1854 auctori
1315 1787 1417 1853 refra-

274 1890 346 1978 gari
368 1889 420 1955 illi
440 1899 640 1978 putaverunt
661 1900 759 1978 atque
780 1898 1043 1976 perseverarunt.

275 2113 307 2162 B.
349 2112 443 2175 Quare
469 2084 559 2184 poerit
582 2109 783 2183 abjudicanda,
797 2129 815 2161 a
842 2094 978 2193 Cicerone
997 2111 1086 2163 oratio
1113 2119 1207 2186 aratra
1231 2111 1335 2173 uideri,
1362 2111 1417 2164 dia·

780 2216 912 2280 reptatur.

427 2358 617 2417 'Partieala
638 2364 661 2415 l.
696 2364 721 2431 §-
739 2363 765 2417 4.
798 2364 846 2414 De
867 2364 1019 2417 externis
1039 2366 1254 2433 argumentis.

320 2565 323 2572 y
358 2488 449 2553 Inter
479 2471 644 2574 negativa⁴
660 2496 788 2570 autem,
821 2495 859 2550 ut
885 2486 931 2550 ita
959 2485 1085 2571 dicam,
1116 2489 1196 2553 haec
1226 2500 1417 2575 argumenta
1487 2549 1488 2576 3

274 2590 451 2655 maximum
471 2599 671 2654 momentum
694 2611 793 2677 supra
815 2588 958 2655 vidimus
984 2612 1058 2654 esse
1079 2611 1212 2674 eorum,
1243 2615 1326 2680 quae
1349 2613 1416 2657 nou
1487 2583 1488 2620 ³

273 2705 339 2759 tarn
361 2716 403 2758 ex
424 2692 498 2781 ipso
522 2687 678 2780 scriptu,
698 2717 797 2781 quam
823 2716 864 2759 ex
893 2693 967 2760 aliis
990 2695 1194 2761 extrinsecus
1217 2696 1417 2761 testimoniis

273 2796 410 2885 repetita
426 2807 557 2880 essent,
578 2795 658 2862 hinc
676 2798 780 2886 igitur
797 2798 929 2863 initium
948 2798 1127 2886 capiemus.
1139 2805 1182 2845 '-
1204 2798 1257 2859 Ae
1274 2796 1417 2884 primurn

272 2900 425 2989 quidem,
457 2908 494 2962 ut
520 2900 583 2964 lroc
612 2912 778 2990 repetam,
810 2922 997 2987 quanquam
1026 2922 1094 2986 non
1122 2898 1219 2984 plane
1247 2921 1322 2962 esse
1349 2906 1417 2968 τῶν

272 2999 467 3080 torrorem,
499 3023 614 3076 ornnes
634 2993 850 3090 'antiquitatis
883 3009 983 3063 testes
1015 2998 1056 3063 ah
1087 2998 1220 3063 homine
1251 2997 1416 3065 imitatore

272 3103 469 3183 scholastico
492 3103 646 3194 deceptos
672 3126 765 3187 esse,
797 3100 961 3169 Wonrrus
993 3100 1045 3192 (p.
1061 3099 1164 3189 xlx)
1194 3102 1327 3186 statuit,
1358 3103 1416 3167 sti·

271 3206 380 3271 mulus
402 3215 510 3272 tamen
532 3207 591 3273 ille
613 3205 778 3272 resedisse
795 3203 926 3269 videtur
939 3202 975 3266 in
992 3203 1101 3268 animo
1117 3203 1311 3296 renitentis,
1334 3228 1415 3293 quo·

259 3309 359 3375 'circa
380 3331 457 3374 mox
478 3308 675 3374 Ciceronem
690 3299 811 3372 ''censet
824 3307 854 3393 ³)
882 3304 1007 3370 dixisse
1028 3306 1121 3369 illum
1144 3305 1278 3393 quidem
1299 3327 1415 3395 reapse
1487 3389 1488 3396 ἵ

269 3412 311 3476 de
332 3410 544 3498 haruspicum
564 3431 740 3497 responso,
764 3429 862 3497 qnam
883 3406 1064 3500 orationem
1086 3417 1212 3472 veteres
1235 3409 1414 3498 scriptores

271 3510 422 3592 laudent,
455 3520 601 3575 nostram
629 3534 708 3576 vero
737 3510 918 3577 orationem
939 3510 1133 3599 posterioris
1156 3511 1286 3578 demum
1308 3512 1414 3578 decla·

269 3612 404 3678 matoris
428 3634 522 3696 esse,
554 3612 614 3700 qui
641 3611 734 3678 illam
761 3612 936 3681 variaverit
963 3636 1005 3680 cx
1031 3638 1134 3705 caque
1156 3639 1231 3681 cum
1259 3615 1414 3681 aliatum

275 3762 556 3773 -------——-

327 3835 352 3907 1)
371 3833 460 3892 Praet.
483 3833 516 3889 ad
535 3850 575 3891 er.
592 3832 717 3893 Maroetl.
736 3854 764 3907 p.
782 3833 942 3903 xxxv1u;
970 3855 1124 3911 quanquam
1148 3837 1174 3892 ei
1197 3853 1234 3890 ne
1258 3851 1327 3907 opus
1346 3837 1412 3909 qui-

272 3923 334 3978 dem
353 3932 411 3979 erat
429 3928 490 3978 ante
507 3921 658 3978 Asconium
677 3942 722 3980 eas
740 3942 852 3997 ponere,
868 3927 892 3981 si
908 3926 1017 3998 quidem
1036 3926 1101 3981 huic
1118 3925 1234 3980 sortasse
1251 3925 1331 3980 etiarn
1349 3941 1414 3980 vare

272 4011 466 4068 Ciceronianae
490 4013 626 4070 orationes
650 4023 758 4085 praesto
782 4014 866 4070 fuisse
891 4015 996 4070 censuit
1018 4014 1046 4067 io
1072 4012 1160 4079 Praei.
1181 4013 1216 4068 ad
1233 4022 1340 4069 nostras
1357 4031 1412 4068 orr.

271 4119 298 4173 p.
317 4100 440 4156 XXXIX
457 4121 497 4175 aq.

325 4193 355 4262 2>
371 4190 512 4247 Onomast.
538 4189 559 4258 i,
584 4208 612 4262 p.
629 4191 673 4258 68,
699 4202 755 4248 not.
777 4192 816 4264 1);
846 4189 882 4245 ci.
902 4188 961 4261 jauo
977 4187 1066 4255 Bina,
1091 4189 1190 4250 Gesch.
1208 4192 1235 4247 d.
1253 4191 1330 4248 Rom.
1350 4190 1404 4248 Liu

274 4278 352 4342 1832.
369 4297 398 4349 p·
414 4279 477 4336 521.

325 4366 352 4438 3)
373 4364 406 4423 V.
425 4384 507 4439 supra
527 4386 585 4442 pag.
605 4369 631 4436 9,
649 4378 703 4425 not.
720 4369 757 4435 4).
