3000 4900
712 164 717 169 ’
785 214 840 320 ⁶4

244 420 340 490 qnam
363 401 403 469 ab
423 398 655 486 haruspicibus
677 399 752 463 data
773 398 921 486 putarit,
950 421 1089 487 quornm
1112 396 1233 463 fuisset
1254 398 1296 464 de
1319 399 1393 481 eis,

243 527 326 592 quae
348 503 390 567 ad
412 503 604 589 religionem
625 502 842 589 pertinerent,
865 524 1012 582 monere,
1041 523 1108 565 non
1132 512 1320 566 senatorum
1346 502 1396 567 de

242 607 410 695 republica
439 606 696 671 consultantium
725 616 835 693 partes
865 629 980 692 agerer
1015 605 1095 671 baec
1124 605 1215 669 nulla
1247 628 1395 693 prorsus
1440 669 1443 674 Α

244 709 382 774 offensio
399 718 616 794 potestesse,
638 731 714 771 nam
738 731 850 775 nonne
871 707 1049 775 eorundem
1072 706 1284 794 haruspicum
1302 719 1395 788 erat,

243 811 353 877 etiam
364 830 485 875 curare
510 809 665 896 prodipio
693 808 910 909 senatuique,
940 809 1022 895 quid
1043 807 1092 872 dii
1113 808 1372 873 immortales
1337 833 1395 872 crs

243 921 432 992 mouerent,
464 906 574 975 dicere
601 920 698 996 atque
729 910 882 998 aperire‘l
925 911 1039 998 ltaque
1067 909 1287 997 haruspicum
1302 922 1394 994 erut,

242 1038 284 1079 ex
310 1011 454 1099 portenti
479 1011 572 1079 illius
600 1022 722 1080 natura·
744 1036 898 1096 monere,
929 1039 962 1080 v.
986 1037 1016 1079 c.
1051 1014 1097 1101 (e.
1119 1013 1176 1097 26,
1199 1009 1231 1101 ἓ.
1254 1014 1312 1100 55)
1345 1038 1395 1079 ne

242 1113 383 1182 occultis
410 1113 560 1179 consiliis
591 1115 779 1204 respublica
807 1117 1011 1200 laederetur,
1043 1117 1089 1204 (c.
1111 1117 1169 1199 27,
1202 1114 1234 1206 fi
1256 1117 1316 1205 60)
1352 1128 1393 1185 nt

242 1216 473 1307 providerent,
504 1240 547 1295 ne
574 1219 777 1307 reipublicae
808 1229 913 1285 status
946 1230 1220 1304 commutaretur,
1255 1221 1390 1287 senatui
1429 1258 1432 1262 Δ

241 1329 353 1387 autem
383 1318 502 1385 deinde
533 1344 647 1386 revera
676 1322 918 1408 'providendum
951 1333 1021 1391 erat
1052 1323 1391 1411 consultandumque‚

243 1431 323 1512 qun
339 1422 435 1487 modo
457 1424 580 1513 optime
602 1426 767 1493 universis
789 1429 1002 1517 haruspicum
1024 1429 1208 1517 praeceptis
1231 1427 1392 1493 satisfieri

243 1538 367 1617 posset.
387 1562 429 1577 --
450 1525 561 1591 Etiam
583 1527 617 1591 in
641 1538 785 1608 extrema
808 1531 955 1598 oratione
977 1555 1097 1599 censor
1114 1530 1271 1596 editionis
1288 1528 1392 1597 Wol-

242 1633 348 1696 fianae
369 1630 396 1717 ¹)
437 1628 523 1694 nihil
559 1629 628 1695 nisi
663 1631 807 1720 ineptias
844 1634 1101 1722 deprehendisse
1140 1633 1206 1696 sibi
1241 1632 1392 1714 uidetur,

243 1754 430 1823 quanquam
458 1743 587 1821 praeter
619 1734 691 1821 ipsa
722 1735 821 1799 verba
853 1735 1073 1808 Ciceroniana
1103 1735 1189 1804 nihil
1221 1759 1288 1823 pro
1314 1736 1392 1823 opi·

244 1837 344 1903 nionc
367 1858 426 1900 sua
447 1838 552 1900 affert.
597 1835 714 1923 Neque
741 1859 820 1901 vero
850 1837 947 1904 nobis
977 1838 1034 1902 illa
1064 1851 1131 1902 tam
1160 1838 1283 1904 absona
1311 1861 1392 1903 esse

244 1939 415 2022 videntur,
438 1939 552 2020 immo,
575 1962 642 2027 quo
662 1939 770 2025 major
789 1950 942 2026 portento
965 1941 1016 2007 illi
1033 1926 1314 2029 haruspicumque
1334 1966 1389 2007 re·

214 2114 220 2120 t
244 2065 369 2130 sponso
385 2042 437 2108 vis
452 2040 663 2125 tribueretur,
686 2065 823 2130 prorsus
842 2067 883 2108 ex
898 2064 934 2109 re
953 2055 1022 2111 erat
1035 2067 1256 2135 commonere,
1279 2044 1388 2130 ipsam

244 2145 380 2208 deorum
409 2143 642 2209 immortalium
670 2169 784 2210 vocem
814 2169 855 2211 ex
885 2169 925 2211 eo
955 2146 1130 2234 cognoscis
1167 2146 1389 2234 nequeenim

245 2234 339 2309 aliter
360 2245 454 2327 illos,
474 2253 571 2331 atque
592 2246 655 2311 boc
679 2247 791 2330 moda,
814 2247 911 2334 loqui
929 2270 1003 2315 rum
1025 2246 1284 2321 bominibus-
1314 2248 1388 2315 Nee

244 2370 323 2412 uero
337 2356 530 2466 postremo,
563 2348 652 2437 qnod
679 2361 789 2419 orator
816 2374 855 2414 e..
870 2350 927 2433 98,
952 2346 984 2439 ξ.
1006 2350 1051 2414 62
1073 2352 1170 2417 etiam
1190 2361 1295 2416 terrae
1316 2374 1389 2416 mo·

244 2462 314 2516 tum
336 2450 372 2515 in
394 2473 474 2537 agro
494 2451 619 2517 Piceno
642 2453 797 2517 lactum
787 2479 822 2518 ιιι
845 2478 914 2519 rem
937 2478 1028 2521 suam
1052 2454 1161 2536 vertit,
1184 2476 1257 2517 enm
1279 2451 1386 2520 Won·
1430 2507 1434 2511 .

244 2576 298 2618 nro
322 2552 377 2634 (ad
398 2554 433 2617 ha
456 2552 482 2616 l.
507 2553 647 2640 pauo)
679 2554 882 2621 levissimam
910 2556 996 2621 hauc
1018 2556 1067 2622 rei
1089 2554 1287 2625 mentionem
1309 2563 1389 2619 ante

244 2664 372 2743 portam
394 2651 608 2726 claudendam
630 2652 730 2718 nimis
754 2655 902 2743 putidam
925 2657 1172 2726 existimamusz
1199 2658 1275 2747 quis
1297 2656 1388 2721 enim

244 2754 358 2821 mirari
378 2762 502 2841 potest,
524 2754 617 2840 qnod
632 2753 764 2839 Cicero,
788 2781 855 2846 quo
876 2757 1011 2844 gravius
1034 2758 1162 2824 animos
1183 2759 1389 2824 audientium

245 2865 477 2937 commoveret,
498 2854 533 2920 in
556 2856 622 2921 line
644 2858 805 2924 orationis
824 2881 897 2924 non.
912 2882 979 2924 uuo
1001 2868 1134 2932 tantum,
1143 2858 1206 2926 illo
1219 2857 1389 2945 prodigio,

238 2959 303 3046 naad
326 2958 454 3024 duobus
475 2955 643 3021 similibus
666 2957 753 3026 idem
775 2960 855 3028 dens
878 2959 1039 3028 Romanis
1061 2958 1209 3030 suasisse
1230 2959 1300 3026 ait‘l

331 3059 460 3143 Quodsi
489 3081 532 3125 nc
561 3060 622 3126 hae
654 3063 788 3151 quidem
814 3073 971 3152 exparte
995 3062 1181 3132 claudicare
1200 3063 1306 3130 ontio
1328 3087 1388 3128 no·

245 3175 313 3231 stra
334 3163 483 3249 videtur,
513 3163 605 3258 *nilsil
630 3168 767 3234 omnino
795 3169 893 3238 credo
917 3168 988 3253 jam
1003 3176 1135 3250 ,restam
1154 3164 1201 3232 *in
1220 3190 1297 3258 qua
1310 3167 1387 3255 qnis

246 3266 440 3334 offendatur.
493 3264 569 3332 Non
590 3290 654 3332 uos
677 3269 811 3357 quidem
833 3270 866 3336 ai
888 3289 1024 3351 sumus,
1058 3270 1117 3356 qui
1137 3280 1292 3357 tanquam
1314 3294 1387 3357 per·

245 3371 364 3436 lectam
386 3368 607 3454 omnibusque
626 3372 772 3436 numeris
793 3372 974 3437 absolutam
990 3372 1076 3434 hane
1092 3370 1273 3458 orationem
1287 3373 1387 3436 lecto·

244 3470 337 3534 ribus
360 3469 538 3557 propinare
559 3470 719 3555 velimus,
753 3474 811 3539 sed
834 3482 964 3540 constat
985 3472 1141 3555 omniuo,
1172 3472 1208 3536 in
1231 3471 1388 3538 orationi·

246 3574 307 3638 bus
339 3572 448 3636 statim
479 3581 556 3658 post
589 3573 742 3642 exsilium
772 3576 893 3642 habitis
927 3574 1122 3642 Ciceronem
1155 3584 1188 3642 et
1219 3573 1390 3639 remisisse*

245 3676 426 3765 paullulum
448 3672 626 3761 pristinam
646 3676 712 3746 vim
735 3679 966 3766 oramriffl),
991 3701 1099 3766 neque
1120 3676 1162 3741 de
1184 3677 1250 3744 ulla
1268 3675 1332 3741 alia
1350 3701 1388 3742 rc

246 3779 408 3866 cogitasse
438 3774 506 3842 nisi
537 3774 577 3841 de
607 3776 735 3846 Clodio·
759 3781 942 3849 coercendo
970 3779 1220 3868 puniendoque.
1273 3779 1386 3862 Hune,

302 3950 764 4021 1)1nnug.Ltezeir.1802,n
783 3954 826 4016 98.
846 3971 873 4024 p.
890 3952 921 4008 6:
949 3950 1028 4004 »Wie
1053 3949 1146 4004 albem
1173 3949 1207 4004 iat
1232 3949 1280 4003 der
1304 3966 1388 4019 ganza

147 4063 150 4068 ⁴
246 4036 392 4094 Sehluss
385 4057 412 4092 ιιι
436 4040 551 4096 Absirbt
569 4039 617 4093 der
641 4036 809 4096 Gedauken?
836 4041 897 4098 dass
921 4040 964 4094 sin
989 4036 1053 4094 Gou
1077 4047 1156 4092 enter
1173 4036 1321 4092 Messenen
1341 4039 1387 4101 sei,

248 4125 299 4179 soll
320 4133 380 4181 man
400 4129 515 4184 nimmer
534 4128 667 4198 glauben;
685 4129 751 4183 aber
770 4137 846 4184 cett«
1446 4137 1448 4140 ’

301 4215 328 4285 2)
348 4224 376 4270 ut
400 4217 489 4272 simile
513 4218 641 4290 quiddam
668 4219 824 4273 videmus
816 4235 844 4270 ιιι
869 4213 1058 4287 Aristophanis
1084 4214 1183 4270 lahnlis
1209 4224 1270 4285 past
1290 4212 1386 4267 Parem

249 4301 337 4357 editis.
