3000 4900
818 305 870 382 te

282 499 478 566 Ciceronem
508 494 631 561 similia
663 500 853 580 argumenta
887 500 1112 580 persecutum·
1126 486 1292 555 similibus
1323 486 1427 553 etiam

282 601 393 675 verbis
420 622 519 664 usum
546 596 642 663 casei
686 595 804 683 Neque
830 596 962 683 repperi
990 593 1079 681 apud
1104 591 1286 675 Ψοῑὴιιι,
1316 613 1428 679 neque

282 804 369 871 nihii
385 803 475 873 aliud
493 801 656 885 videmus,
679 799 746 865 uisi
768 800 805 864 id
826 799 915 888 quod
936 822 1073 887 prorsus
1094 806 1352 864 cousentaneum
1374 807 1430 861 est

283 909 319 975 iu
342 917 482 990 oratore,
506 896 654 993 quinon
676 925 764 969 nova
786 926 916 991 semper·
937 903 1173 968 sententiarum
1193 902 1328 964 suarum
1350 921 1428 988 spe·

190 1078 192 1081 ,
282 1010 332 1075 cie
347 1009 478 1075 allicere
494 1006 674 1091 auditores,
696 1006 756 1071 sed
777 1005 850 1094 ipsa
871 1029 908 1070 re
928 1004 1129 1093 veritateque
1145 1026 1350 1070 commovere
1367 1024 1429 1069 eos
1494 974 1496 1049 i

283 1111 410 1194 studet,
433 1110 492 1175 ubi
513 1107 646 1197 saepius
668 1108 705 1174 in
725 1106 942 1197 diversisque.
955 1107 1171 1175 concionibus
1185 1107 1214 1194 ¹)
1237 1106 1279 1172 de
1299 1105 1429 1171 eisdem

283 1211 446 1302 egendum
468 1221 536 1277 eret
557 1209 676 1294 rebus,
705 1210 929 1298 temporibus,
960 1210 1169 1292 homiuibus,
1191 1209 1312 1292 muita,
1341 1230 1429 1296 quae

278 1315 350 1402 jem
370 1315 463 1404 prius
485 1314 522 1378 iu
543 1313 608 1377 elie
630 1312 778 1379 oratione
798 1313 886 1379 dicta
907 1327 1012 1399 mut,
1032 1315 1103 1400 jam
1125 1313 1161 1377 iu
1184 1311 1286 1377 simili
1308 1332 1430 1376 caussa
1495 1378 1496 1391 2

283 1416 479 1504 simpliciter
505 1415 630 1503 repeti3
664 1437 748 1504 quos
779 1416 913 1504 quidem
937 1418 1030 1484 loeus
1057 1418 1087 1482 si
1110 1414 1273 1483 Wouruus
1295 1415 1430 1502 pannos

283 1516 395 1584 statim
416 1516 505 1582 tristi
525 1518 667 1584 rhetoris
689 1519 851 1606 opusculo
872 1521 992 1587 misere
1014 1530 1144 1585 assutos
1166 1517 1350 1599 existimat,
1374 1539 1430 1582 eo·

284 1621 358 1686 dem
381 1618 478 1685 modo
500 1642 543 1685 ue
563 1619 778 1687 Pisonianam
792 1622 934 1711 quidem
955 1622 1136 1688 orationem
1157 1645 1272 1689 reuera
1292 1619 1430 1686 Cicero·

225 1759 228 1767 ,
284 1725 339 1789 nis
363 1746 437 1790 esse
459 1723 592 1811 probari
613 1732 741 1812 potest,
771 1724 831 1790 sed
858 1725 899 1789 ab
927 1725 1091 1789 imitatore
1117 1724 1190 1810 ejus
1212 1747 1254 1789 eu
1275 1721 1432 1788 Sestiana

285 1826 426 1914 aliisque
449 1825 674 1914 compilatam,
701 1827 761 1893 rei·
776 1826 961 1893 Sestiauam
984 1849 1025 1891 ex
1046 1825 1227 1891 Pisoniana
1248 1836 1282 1891 et
1302 1823 1430 1890 nostris

285 1929 509 2011 orationibus,
539 1931 594 1997 vel
623 1930 720 1997 alium
748 1955 790 1996 ex
818 1930 956 1997 aliarum
983 1929 1067 1996 locis
1090 1929 1303 2021 compositam
1316 1928 1360 2015 ²).
1386 1964 1431 1978 -

284 2030 336 2097 Eo
367 2031 477 2097 minus
506 2042 614 2099 autem
643 2033 847 2099 offendemur
872 2032 1125 2122 repetitionibus
1153 2031 1243 2116 illis,
1274 2030 1305 2094 si
1325 2028 1431 2093 maxi·

284 2158 371 2201 mum
392 2145 519 2222 partem
540 2136 575 2200 iu
591 2136 704 2203 Clodii
720 2135 972 2225 perstringenda
986 2134 1134 2224 nequitie
1148 2134 1340 2223 turpissima
1357 2155 1431 2197 verb

286 2236 353 2301 sari
374 2236 573 2305 viderimus:
597 2262 694 2305 nemo
717 2239 805 2303 enim
828 2247 904 2326 post
921 2234 1063 2303 reditum
1081 2259 1121 2302 ex
1137 2235 1256 2303 exsilio
1272 2233 1432 2300 Ciceroni

287 2338 452 2423 odiosior·5
467 2362 566 2406 nemo
581 2341 688 2428 magis
710 2353 884 2429 suspectus
901 2351 956 2405 aut
973 2341 1209 2406 formidolosus
1221 2344 1308 2418 mut,
1330 2359 1432 2424 quam

287 2465 373 2508 uuus
397 2440 555 2512 Clodiusz
586 2443 687 2530 hujus
710 2445 900 2511 effrenatam
922 2451 1052 2533 semper
1071 2436 1285 2509 temeritatem
1306 2450 1432 2506 metue·

286 2544 361 2627 nrt,
392 2547 479 2611 huuc
506 2546 639 2613 iuriam⁴
652 2558 845 2636 pestemque
870 2547 1072 2637 reipublicae
1098 2542 1432 2638 omnibns'precibus

287 2646 525 2731 detestabatur,
557 2672 633 2715 uec>
647 2659 742 2715 eutea
770 2650 896 2715 destitit
924 2650 1029 2715 saluti
1043 2647 1246 2738 reipublicae
1269 2644 1432 2728 diffidere,

287 2772 386 2836 quern
403 2749 475 2814 -Dis
506 2751 694 2818 faventibus
723 2754 816 2819 illius
832 2752 984 2819 -rnonstri
1013 2753 1130 2817 timore
1160 2749 1297 2816 liberata
1326 2757 1430 2813 esset.

286 2850 377 2918 Hinc
398 2851 517 2917 iterum
533 2852 719 2944 iterumque
737 2856 862 2923 scelera
883 2856 1045 2922 Clodiane
1062 2862 1242 2934 enumerat,
1265 2849 1432 2939 expingit,

288 2954 467 3041 exagitate
487 2955 566 3022 hinc
600 2980 796 3047 quecunque
828 2959 933 3023 utitur
962 2956 1135 3023 oeensioue
1166 2956 1208 3021 nd
1237 2955 1305 3021 vim
1337 2953 1432 3019 iilius

288 3056 578 3146 auctoritatemque
604 3059 870 3149 infringendam
900 3060 979 3126 iiiuc
1006 3060 1120 3126 endem
1147 3057 1327 3126 identidem
1354 3080 1433 3145 pro·
1497 3081 1498 3084 ¹

289 3158 376 3223 ferre
404 3182 472 3226 uon
501 3160 648 3247 dubitat,
683 3164 781 3231 modo
811 3164 940 3231 hostem
971 3163 1174 3253 reipublicae
1203 3160 1435 3248 constringant

288 3260 533 3351 potentiamque
555 3264 629 3351 ejus
651 3266 850 3350 convellunt.
984 3329 990 3340 ,

375 3363 467 3430 Haec
489 3389 562 3432 cum
592 3389 659 3432 nou
687 3366 932 3454 reputavisseut
956 3364 1043 3452 opud
1067 3387 1104 3429 se
1130 3363 1196 3428 viri
1221 3360 1330 3444 docti,
1359 3383 1433 3426 nou

289 3465 386 3529 modo
409 3466 532 3551 omnia,
556 3492 640 3558 quse
658 3476 923 3556 argumentorum
944 3466 1088 3553 speciem
1109 3486 1188 3554 prae
1210 3488 1246 3533 se
1267 3463 1431 3550 terebant,

290 3565 437 3654 undique
449 3569 737 3658 conquisiverunt,
760 3592 874 3635 verum
894 3577 1107 3657 posteaquam
1129 3568 1243 3637 neseio
1265 3567 1431 3658 quomodo

290 3666 393 3734 semel
412 3666 454 3733 de
475 3669 661 3748 orationum
682 3671 814 3738 illerum
836 3671 966 3760 origine
982 3673 1123 3762 antiqua
1144 3671 1294 3736 dubitare
1314 3693 1430 3758 eoepe-

289 3781 387 3853 runt,
409 3793 488 3836 mox
509 3770 627 3857 etiam,
654 3773 713 3862 qui
734 3783 847 3863 aperte
868 3774 1112 3863 refragarentur
1135 3774 1316 3860 sententiae
1338 3796 1430 3857 suae,

290 3872 382 3937 loeus
408 3871 453 3935 ite
477 3882 587 3938 tamen
610 3875 775 3966 explicare
797 3877 1005 3969 consilioque
1026 3901 1087 3945 suo
1109 3877 1353 3944 accommodare
1375 3900 1430 3966 eg·

345 4122 371 4195 1)
388 4135 477 4196 neque
495 4125 566 4182 euim
582 4130 691 4188 eosdem
707 4148 801 4205 usque,
819 4136 865 4207 qni
876 4135 932 4207 jem
946 4095 1024 4191 autea¹
1036 4135 1177 4191 audierunt
1189 4144 1333 4204 oratorem,
1351 4135 1430 4190 etiem

290 4212 524 4359 Ξέεῑῐίιᾱῑΐιὲιιὶεηιθε
542 4214 676 4274 edstitisse
693 4230 903 4278 cousentaneum
924 4231 978 4287 est;
1003 4240 1154 4297 quenqunm
1172 4222 1245 4278 Buce
1262 4240 1290 4294 p.
1308 4221 1361 4277 619
1380 4222 1430 4277 trae

342 4390 371 4463 2)
389 4388 465 4449 Beue
477 4393 511 4450 de
522 4409 554 4449 ea
567 4411 598 4450 re
611 4393 729 4467 disputet
743 4395 852 4456 Wsrsre
864 4397 883 4455 Ι.
895 4397 913 4451 1.
928 4414 955 4470 p.
965 4396 1021 4466 ΧΙ;
1039 4400 1075 4456 et.
1088 4401 1169 4455 etiam
1181 4396 1286 4453 orm·
1296 4416 1323 4469 p.
1329 4395 1427 4452 ΧῦΙΙΙ.
