3000 4900
412 1081 584 1158 INDEX
616 1079 954 1160 ARGUMENTI.

542 1278 827 1287 ———-—--—--

111 1398 222 1463 Status
246 1396 405 1462 Caussae.
1191 1331 1260 1458 fag
1371 1418 1374 1423 ⁴

113 1537 223 1627 Caput
245 1535 272 1598 l.
319 1523 581 1600 Prasmonentur
603 1530 764 1597 nonnulla
788 1530 828 1596 de
850 1531 982 1617 altiore,
1006 1557 1089 1622 quae

317 1636 457 1720 dieitur,
481 1645 549 1702 arte
572 1634 697 1701 critica.

146 1749 171 1815 ξ.
190 1748 214 1797 l.
249 1742 409 1796 Wolfianae
429 1741 496 1792 artis
514 1741 624 1792 criticae
641 1740 730 1806 imago
748 1738 882 1790 universa.

52 1828 56 1833 ⁴
145 1832 170 1898 ξ.
187 1831 214 1881 2.
250 1827 303 1878 Via
321 1843 352 1877 ae
371 1825 442 1875 ratio
461 1825 568 1876 altioris
587 1824 653 1875 artis
672 1822 783 1873 criticae
801 1827 874 1873 recte
892 1824 1067 1876 exercendae.

111 1946 222 2037 Caput
236 1946 281 2011 11.
327 1943 379 2010 De
396 1943 613 2031 argumentis,
637 1965 720 2031 quae
738 1950 852 2015 contra
868 1941 1093 2011 auctoritatem

318 2046 477 2113 orationis
501 2046 609 2111 faeere
632 2044 799 2130 videntur,
823 2044 1046 2110 confutandis,

221 2157 244 2222 ξ.
262 2154 287 2205 3.
322 2153 364 2203 lte
383 2152 437 2202 alio
456 2155 567 2202 auctore
585 2150 750 2216 indagando.
793 2202 796 2209 ,

218 2240 260 2290 lle
282 2237 448 2304 argumentis
471 2236 506 2285 ad
524 2233 685 2285 Ciceronem
708 2238 846 2285 auctorem
868 2234 1068 2302 reprobandum

308 2317 503 2386 spectantibus.
813 2305 816 2311 ’

162 2446 168 2459 .
204 2408 227 2475 ξ.
245 2405 270 2457 4.
304 2402 346 2453 De
366 2399 485 2452 externis
503 2399 677 2467 argumentis.

163 2492 185 2543 l.
220 2490 263 2539 De
280 2487 394 2537 internis
413 2484 586 2556 argumentis.

146 2157 184 2209 A.

76 2238 81 2249 .
143 2243 178 2293 Β.

143 2409 159 2460 1

144 2493 161 2544 Ι

147 2574 171 2639 ξ.
189 2574 214 2622 5.
249 2570 292 2620 De
311 2569 360 2629 eis,
378 2584 446 2635 qnae
465 2566 646 2617 exorationis
663 2566 745 2623 rebus
763 2565 1039 2635 historicisrrepetita
1055 2578 1126 2624 sunt.

148 2657 171 2722 ᾗ.
189 2656 215 2704 6.
249 2653 292 2703 De
311 2652 358 2711 eis,
377 2668 446 2719 quac
464 2667 497 2700 ex
514 2650 646 2717 neglectis
664 2650 796 2701 sermonis
814 2651 920 2719 legibus
938 2658 1076 2721 petuntur.

149 2740 173 2805 ξ.
191 2738 216 2787 7.
251 2736 294 2787 De
312 2733 465 2785 rationibus
482 2732 634 2784 Wolfianis
652 2732 764 2784 fraudes
783 2750 814 2784 ex
833 2736 973 2787 sententiis
991 2743 1037 2788 aut
1055 2739 1110 2790 elo-

309 2817 418 2870 cutione
435 2815 626 2883 investigandi.

149 2906 173 2972 ᾖ.
190 2906 215 2955 8.
250 2902 389 2961 Deionis,
407 2918 520 2969 quorum
538 2900 671 2953 sententia
690 2899 824 2953 Cicerone
840 2903 953 2971 indigna
969 2910 1089 2971 putatur.

153 2989 177 3051 g.

153 3065 176 3130 g.

194 2988 219 3035 9.
253 2984 295 3033 De
312 2984 392 3043 locis,
409 2982 456 3032 uisi
472 2982 501 3032 in
519 2983 671 3040 elocutione
690 2990 785 3036 orator
800 3002 929 3052 peccasse
948 2988 1056 3039 dicitur.

180 3064 220 3113 10.
253 3064 295 3115 De
311 3069 421 3115 nostrae
440 3064 570 3117 orationis
589 3083 648 3118 eum
665 3066 778 3134 reliquis
797 3086 812 3118 a
828 3068 937 3120 Wollio
957 3070 1119 3139 impugnatis

319 3145 502 3197 similitudine.

118 3264 228 3355 Caput
249 3263 311 3331 Ill.
356 3262 410 3329 De
440 3267 659 3355 argumentis,
699 3287 783 3356 quae
811 3287 872 3357 pso
899 3270 1090 3336 auctoritate

318 3370 477 3436 orationis
499 3383 661 3462 pugnant.

148 3478 171 3545 fi.
191 3478 230 3528 ll.
261 3477 307 3529 vlle
325 3476 444 3528 externis
460 3483 581 3531 veterum
599 3479 771 3543 testimoniis.

146 3561 170 3627 §.
190 3560 229 3610 12.
264 3560 306 3611 lle
323 3559 436 3612 internis
455 3563 629 3628 argumentis.

145 3645 168 3712 5.
187 3642 232 3693 la..
261 3646 303 3697 lte
320 3665 390 3699 nexu
408 3645 600 3697 sententiarum
618 3646 704 3712 deque
722 3646 900 3715 dispositione
918 3651 1061 3705 orationis.
