3000 4900
736 254 742 269 ’
824 268 879 342 56

280 458 457 549 quentilans
481 461 585 525 lorma
606 452 739 523 ablativi
763 453 924 536 »aedili«,
946 476 1020 518 cum
1038 454 1198 518 bonorum
1219 452 1418 540 scriptorum

279 588 343 629 usn
360 565 387 653 ¹)
411 564 508 628 ctiam
531 561 650 626 Cicero
671 571 705 623 et
726 559 801 622 aliis
824 556 907 621 locis
929 558 1019 622 etin
1041 558 1113 646 ipsa
1136 556 1283 620 orationc
1305 563 1421 618 nostra

177 744 179 751 Ι
280 667 326 754 (c.
346 667 401 750 12,
425 663 457 755 ᾗ.
477 664 521 729 111
535 662 638 751 eutr.)
667 661 802 726 meliore
831 660 941 747 potins
972 661 1076 725 lorma
1105 670 1215 724 utatur
1241 659 1420 735 »oedileq‘l

271 770 345 837 ,Vel
366 770 447 834 lracc
470 769 539 832 sola
562 766 621 855 qui
641 763 842 852 reputaverit
863 785 994 846 secum,
1026 787 1093 827 non
1116 762 1334 829 Ciceroniana
1362 765 1421 830 illa

279 871 378 936 vcrlra
399 871 546 959 putabit,
583 867 642 933 sed
670 865 883 954 grammatici·
904 865 1018 930 nescio
1041 866 1138 951 cnjus
1160 867 1322 954 glossema
1346 890 1421 933 csse

279 974 462 1061 intelliget,
484 996 587 1061 eaque
605 971 754 1058 suspicio
777 973 841 1035 hoc
861 991 999 1056 prorsus
1022 970 1245 1053 confirmatur,
1267 962 1357 1057 quod
1379 970 1421 1035 ad

280 1076 475 1140 sententiam
498 1074 751 1164 quoqueverba
772 1075 830 1140 illa
858 1099 932 1139 cum
961 1075 1040 1139 novi
1067 1074 1203 1140 omuino
1230 1074 1315 1139 nihil
1344 1077 1421 1141 affe·

279 1188 376 1261 runt,
410 1178 469 1242 sed
499 1178 665 1266 explicant
686 1189 812 1242 tantum
833 1178 961 1267 reliqna
982 1174 1093 1265 paullo
1115 1177 1318 1260 accuratius,
1351 1188 1422 1242 tum

279 1305 321 1345 ne
339 1281 532 1368 elegantiam
548 1282 681 1369 quidem
697 1281 797 1345 ullam
813 1281 958 1369 produnt
968 1281 1011 1368 2),
1035 1304 1100 1368 qua
1122 1280 1174 1344 vel
1196 1279 1231 1341 in
1254 1274 1420 1367 repetitio·

279 1382 378 1445 nibus
401 1382 565 1465 ejusmodi
587 1405 684 1447 veras
708 1380 828 1446 Cicero
850 1382 947 1447 facile
970 1381 1192 1469 cognoscitur.
1216 1418 1258 1432 -
1299 1380 1423 1447 Omnia
1492 1384 1493 1451 i

278 1483 380 1569 igitur
411 1483 507 1547 etiam
538 1495 652 1548 nostro
682 1485 756 1548 loco
777 1484 862 1550 bene
884 1484 1062 1550 constituta
1084 1495 1199 1567 erunt,
1233 1484 1281 1566 si,
1314 1484 1422 1569 ejecto

278 1585 475 1672 glossemate
509 1588 629 1671 »Quod
657 1589 693 1652 ni
722 1599 759 1653 tu
780 1589 960 1676 Megalesia
1097 1587 1245 1650 immissa
1266 1586 1422 1674 irrupit«,

279 1687 474 1774 simpliciter
496 1689 748 1776 scripserimus:
774 1691 877 1765 iEos,
899 1711 1043 1782 quorum
1061 1731 1156 1750 .....
1181 1688 1296 1752 Mater
1314 1689 1424 1754 Idaeo

279 1799 324 1869 tc,
345 1800 389 1870 tc,
416 1789 479 1854 Gn.
498 1791 653 1873 Lentule,
671 1836 679 1852 .
694 1836 725 1852 ..
754 1799 968 1875 spectatorem
987 1809 1057 1853 esse
1078 1788 1196 1854 voluit.
1247 1790 1422 1873 lisoium,

278 1902 356 1970 tuo,
383 1891 444 1955 Oa.
470 1892 632 1973 Lentule,
655 1891 770 1957 ecdem
791 1895 899 1956 virtus
912 1894 988 1979 jacit
1010 1903 1109 1958 cett«

364 1996 468 2060 Porro
497 1995 556 2081 qui
586 2018 628 2059 ex
656 1994 896 2059 recentioribus
924 1995 1165 2082 grammaticis,
1194 2018 1424 2082 personarum

279 2108 423 2179 tantum,
447 2118 530 2184 qnae
553 2096 708 2161 dicuntur
715 2145 726 2181 ,
748 2097 953 2184 genitivum,
975 2119 1084 2159 reruna
1106 2106 1220 2159 contra
1241 2096 1423 2164 ablativum

279 2222 353 2262 cnm
374 2222 458 2264 ‘vooe
477 2201 640 2286 rejectus,
665 2225 705 2281 a,
728 2198 786 2262 aim
810 2197 1077 2284 conjungendum
1099 2219 1181 2262 esse
1195 2197 1360 2283 didicerit,
1385 2201 1422 2264 in

279 2324 319 2366 oo
340 2324 472 2389 quoque
493 2302 657 2384 haerebit,
688 2301 777 2390 quod
800 2325 830 2365 c.
850 2300 905 2381 13,
930 2296 961 2387 §
983 2299 1201 2363 uncelenum
1223 2310 1332 2365 orator
1352 2301 1424 2365 Ro·

278 2426 393 2472 manos
416 2406 462 2470 ait
484 2405 607 2472 Urbem
629 2417 727 2495 atque
756 2405 883 2470 ltaliam
908 2405 1072 2491 fanorum
1099 2401 1231 2467 hahere.
1276 2402 1323 2464 At
1343 2421 1422 2465 cnm

280 2509 415 2573 omnino
436 2519 566 2597 praeter
587 2510 756 2572 fortuitam
779 2506 1001 2593 exemplorum
1022 2503 1258 2568 nonnullorum
1275 2501 1422 2589 speciem

279 2608 370 2673 nulla
386 2631 523 2696 prorsus
539 2609 823 2694 grammaticorum
838 2605 930 2670 illius
945 2604 1029 2691 legis
1043 2605 1127 2670 ratio
1140 2603 1283 2690 intelligi
1297 2611 1420 2692 potest,

279 2721 348 2775 turn
372 2710 524 2774 similiter
544 2734 577 2774 v.
596 2734 626 2774 c.
650 2710 771 2797 legitur
793 2709 866 2776 Cic.
891 2709 1036 2791 Fami),
1057 2709 1112 2789 18,
1136 2705 1167 2795 §.
1183 2706 1345 2770 duollam
1368 2707 1422 2771 de·

279 2816 457 2878 sacriortua
476 2812 649 2900 implere«,
673 2813 757 2896 alia,
781 2838 842 2879 nec
863 2822 971 2877 tamen
994 2809 1127 2874 denaria
1147 2818 1226 2872 snnt
1244 2832 1420 2895 personae.

278 2917 420 2981 Tantum
442 2917 544 3004 igitur
561 2915 653 2979 abest
668 2925 705 2978 ut
720 2915 914 2981 offensionis
930 2914 985 2977 hic
1005 2912 1098 2976 locus
1117 2933 1230 2975 ansam
1251 2912 1421 2999 praebeat,

280 3030 316 3083 nt
337 3020 459 3084 refutet
480 3028 593 3083 contra
615 3017 721 3105 ipsam
742 3017 833 3083 illam
854 3014 1139 3105 grammaticorum
1160 3014 1278 3101 legem.
1491 3041 1493 3154 Ι

366 3121 464 3204 Quod
487 3120 605 3186 deinde
632 3109 664 3186 c.
687 3121 742 3206 15,
767 3119 798 3211 ξ.
823 3121 867 3186 33
891 3118 1031 3206 legitur,
1065 3140 1177 3182 »sacra
1199 3118 1260 3182 itta
1284 3119 1419 3207 tow),
1492 3157 1493 3180 ι

279 3223 334 3287 laic
355 3223 496 3289 fortasse
518 3247 604 3288 unus
627 3248 668 3289 ex
689 3222 842 3311 plurimis
864 3222 933 3287 illis
955 3221 1039 3286 locis
1057 3231 1137 3303 crat,
1160 3218 1248 3283 unde
1263 3242 1420 3308 apparere

279 3326 325 3389 ait
341 3323 487 3392 Wollins
498 3326 542 3413 4),
566 3324 789 3404 notissimum,
812 3322 901 3408 quod
917 3321 1004 3383 inter
1020 3320 1215 3407 pronomina
1231 3321 1289 3385 illc
1309 3332 1341 3387 ct
1359 3326 1422 3387 iste

279 3428 472 3511 intercedat,
496 3427 673 3500 discrimen
694 3446 810 3514 parum
833 3420 1002 3509 cognitum
1024 3421 1130 3488 luisse
1151 3423 1229 3490 lauic
1252 3425 1418 3515 scriptori.

442 3602 563 3610 ‚mm

338 3723 363 3793 l)
384 3721 414 3776 V.
431 3722 487 3794 jam
506 3721 588 3776 Worr
607 3721 641 3776 ad
659 3722 685 3777 h.
700 3722 734 3786 l.;
754 3687 839 3775 Krorz
858 3722 886 3778 io
903 3718 1156 3776 Hantworurbuch
1175 3720 1223 3775 der
1243 3718 1299 3778 Lat
1318 3718 1380 3790 Spr.
1401 3719 1421 3784 l,

283 3813 360 3877 totu
378 3830 404 3883 p.
424 3810 483 3868 176.
529 3808 664 3876 Quocirca
684 3810 755 3867 idem
775 3810 902 3866 Kuorzros
919 3812 947 3865 in
966 3812 1084 3867 editione
1102 3828 1150 3864 ana
1169 3811 1320 3866 orationum
1340 3810 1420 3866 etiam

281 3909 374 3955 nostro
392 3900 454 3954 loco
475 3899 591 3954 correxit
609 3902 735 3967 »aedile«,
758 3902 806 3956 scd
824 3910 935 3957 temere.

334 3999 361 4072 2)
380 3997 507 4071 quocirca
526 3998 598 4056 hunc
616 4001 724 4071 quidem
743 4001 835 4056 locum
853 4001 955 4072 majora
970 4000 1048 4071 jura,
1073 4015 1153 4070 quarn
1170 3998 1346 4070 plerumque,-
1369 4014 1419 4053 re—

258 4152 260 4156 ,
280 4087 422 4159 prehendit
441 4085 562 4162 Wocnos
581 4106 607 4160 p.
624 4088 678 4145 337
690 4109 738 4163 sq„
757 4089 905 4145 Enuasrrun
923 4096 1040 4143 secutus.
1065 4079 1068 4083 ί

332 4186 359 4258 3)
378 4185 424 4241 Sic
443 4187 521 4240 etiam
541 4190 598 4241 »lic
615 4200 700 4254 taam
721 4209 744 4245 v.
766 4189 870 4243 llarsros
889 4187 994 4241 Vorlss.
1013 4204 1040 4258 p.
1059 4184 1111 4243 361
1131 4186 1210 4240 inira.
1240 4217 1247 4228 «

333 4286 360 4356 l)
378 4285 413 4340 ad
431 4303 454 4340 c.
471 4286 515 4352 27.
533 4286 562 4358 S.
577 4289 621 4354 59,
639 4305 664 4359 p.
678 4288 740 4344 385.
778 4286 904 4341 Ceterum
922 4291 984 4340 nota
1002 4286 1049 4339 illo
1069 4285 1131 4340 loco
1151 4284 1328 4339 vni-nonem
1347 4297 1419 4351 pro-

280 4374 418 4428 nominum
438 4376 558 4438 uitta...
575 4380 687 4440 tate....‚
705 4379 816 4442 tic...c,
833 4390 947 4447 qnorum
963 4389 1039 4429 auam
1055 4374 1182 4447 quodque
1198 4373 1251 4428 rim
1267 4371 1306 4425 ibi
1323 4378 1419 4424 tuetur.
