3000 4900
12 176 13 183 ’
90 178 104 229 'r

632 271 684 393 ‘65

84 459 276 548 ubicunque
296 462 391 525 datur
413 450 554 545 occasio,
578 452 785 550 aggreditur-3
809 465 843 529 in
866 467 929 540 lroc
948 467 1158 533 acerbissime
1177 491 1237 547 cxs

49 608 50 611 ,
83 563 241 649 agitando
273 590 385 631 omnes
416 572 591 631 versantur
618 564 690 650 ejds
722 567 880 655 temporis
911 569 1094 652 orationes,
1127 593 1164 639 ac
1189 594 1231 634 ne

49 678 52 689 '
80 689 203 754 augere
232 666 365 758 quidem
394 668 559 758 aliquanto
589 669 679 734 illius
709 654 956 737 vitia-dicendo
979 672 1112 738 Tullius
1141 666 1230 739 vere·

81 774 246 838 cundatur
261 776 300 860 l).
346 774 385 837 ln
408 772 527 857 talibus
550 772 652 860 igitur
674 796 740 838 non
765 775 1010 859 offendendum,
1033 766 1143 865 neque
1160 789 1230 841 ma·

79 876 134 962 gis
167 879 202 941 in
236 877 317 943 locis
350 877 543 965 quibusdam
576 876 798 964 negligentius
833 879 1030 943 constructis
1060 880 1114 944 vel
1146 891 1231 944 certe

78 1002 151 1042 non
174 982 271 1068 plane
293 966 447 1067 perfectis
457 981 501 1065 2),
526 979 555 1042 si
578 979 710 1067 quidem
735 1005 774 1044 ex
798 981 846 1044 cis
870 982 1060 1071 neutiquam
1084 992 1230 1068 apparet,

79 1078 280 1148 Ciceronem
302 1107 369 1147 non
393 1082 497 1145 fuisse
520 1092 685 1146 auctorem
708 1080 881 1167 orationis,
905 1082 971 1155 scd⁴
984 1083 1095 1171 potius
1117 1106 1232 1148 secun-

78 1185 161 1249 dum
185 1211 240 1252 eos
264 1211 331 1252 non
354 1189 455 1252 multo
480 1198 573 1252 antca
597 1187 654 1253 illc
675 1187 928 1275 praemeditatus
951 1171 1021 1252 eam
1040 1211 1113 1253 esse
1130 1186 1248 1250 maxi·-

83 1314 235 1378 mamque
267 1303 404 1379 partem
423 1317 463 1357 ex
494 1304 642 1380 tempore
675 1291 800 1373 dimisse
831 1290 972 1356 videtur.
1029 1289 1232 1374 Abjudieare

89 1395 207 1482 [uippe
230 1396 408 1461 orationem
432 1420 449 1459 a
471 1396 585 1460 Tullio
607 1420 703 1461 nemo
733 1397 990 1485 poterat'ultro,
1023 1395 1091 1458 nisi
1112 1393 1231 1458 Mann-
1341 1454 1343 1457 ,

88 1520 223 1583 munus,
249 1499 321 1588 qui,
344 1499 460 1588 quovis
483 1500 590 1588 pretio
614 1500 733 1571 summi
754 1499 977 1589 praeceptoris
1000 1492 1232 1587 exemplum'ct

89 1596 157 1688 ipse
179 1604 383 1689 imitaturus,
413 1629 584 1693 perperam
608 1607 729 1694 scripta
753 1606 850 1670 ctiam
873 1606 1017 1692 genuina
1040 1604 1231 1669 addubitare
1291 1680 1296 1697 Ι

90 1707 213 1793 caepit,
247 1710 338 1773 nulla
368 1708 441 1798 ipse
474 1708 647 1776 Ciceronis
680 1710 798 1776 notitia
832 1708 1033 1774 accuratiore
1062 1707 1231 1785 imbutus,

91 1830 270 1898 quanquam
292 1814 354 1876 hoc
375 1825 490 1899 postea
513 1813 544 1878 ei
567 1813 706 1901 contigit
728 1816 893 1897 fortunae,
917 1811 1054 1877 eandem
1073 1820 1109 1872 ut
1125 1808 1231 1875 Won·
1289 1845 1292 1861 τ

92 1932 176 1996 rus,
210 1914 432 2000 praejudicata
461 1939 520 1980 sua
542 1918 700 2004 opinione
723 1942 859 2005 prorsus
882 1920 942 1982 hae
965 1916 1000 1979 in
1024 1938 1059 1979 re
1082 1933 1231 1977 occaeea·
1286 1991 1292 2003 ἱ

94 2023 151 2098 tls,
176 2015 416 2081 defendendam
440 2019 625 2106 susciperet
646 2043 814 2106 caussam,
838 2021 934 2105 eujus
955 2018 1073 2084 deinde
1093 2013 1231 2078 auctori·

97 2119 144 2180 ta'i
166 2119 383 2208 pedissequos
408 2119 472 2186 viri
495 2119 698 2208 doctissimi,
727 2149 865 2213 quorum
888 2122 987 2193 nimis
1010 2118 1148 2208 magnus
1170 2119 1231 2183 hac

98 2218 135 2283 in
149 2225 342 2311 quaestione
366 2248 524 2290 numerus
548 2239 629 2309 erat,
652 2230 742 2296 illico
766 2231 940 2294 obsecutos
963 2250 1049 2310 csse,
1071 2225 1147 2312 quis
1169 2233 1232 2306 est,

94 2347 139 2410 qu
158 2327 360 2392 admiretur?
393 2329 517 2393 Verum
535 2331 701 2398 enimvero
715 2359 755 2398 ex
769 2334 878 2398 sobria
894 2333 994 2397 totius
1007 2345 1148 2419 caussae,
1159 2351 1232 2416 per·

92 2430 280 2496 tractatione
302 2441 414 2520 patere
436 2430 595 2518 vidimus,
619 2434 703 2499 nihil
729 2435 851 2518 nemius
875 2448 972 2521 stare,
997 2457 1093 2523 quam
1116 2431 1153 2494 in
1174 2453 1232 2493 no·

71 2541 153 2632 ,stra
170 2537 301 2623 quidem
322 2536 470 2601 oratione
489 2561 608 2604 nomen
629 2539 903 2626 Ciceroniauum3
929 2560 1143 2629 quaecunque
1157 2557 1231 2623 pro·

90 2637 167 2704 latae
199 2652 292 2706 erant
323 2640 543 2726 offensiones,
579 2642 782 2710 cvaunerunt
806 2645 997 2733 diligentius
1025 2640 1230 2729 exploratae,

90 2745 191 2808 omn'a
216 2745 364 2829 omnino,
389 2769 472 2833 quae
496 2744 621 2834 aliquid
643 2749 784 2835 probare
806 2760 957 2836 possent,
985 2768 1045 2835 pro
1069 2742 1230 2807 Cicerone

91 2869 231 2933 pugnare
253 2849 492 2933 intelleximus,
517 2849 562 2913 ita
585 2849 732 2938 quidem,
755 2863 804 2935 ut,
829 2851 970 2936 etiamsi,
1000 2847 1153 2913 omnibus
1176 2842 1230 2907 de·

56 3015 59 3020 ,
89 2948 168 3012 letis
182 2953 379 3016 testimoniis
403 2955 562 3037 externis,
587 2954 657 3019 sola
680 2954 869 3042 conjectura
884 2956 913 3041 5)
936 2950 1094 3018 orationis
1118 2958 1231 3013 auctor

79 3051 158 3146 ,jam
181 3054 397 3142 assequendas
421 3058 550 3122 demum
574 3068 673 3141 osset,
697 3081 739 3122 ne
759 3057 955 3144 sicquidem
972 3079 1033 3120 nos
1049 3049 1228 3117 ullomodo

93 3155 134 3219 de
160 3179 215 3222 um
239 3157 443 3245 designando
467 3158 629 3236 Cicerone
652 3158 888 3223 dubitaremus.

150 3380 173 3451 1)
193 3377 222 3438 Εἰ
242 3400 264 3434 c.
277 3382 320 3445 20,
335 3381 365 3452 3.
376 3381 419 3446 42,
432 3399 458 3452 p.
469 3381 530 3446 366,
547 3383 594 3437 ubi
605 3384 669 3457 jura
684 3391 776 3438 mouet
786 3380 890 3435 Ktorz:
910 3377 1015 3432 »Wenn
1030 3377 1058 3430 iu
1072 3373 1119 3431 der
1132 3373 1227 3430 schit-

93 3469 194 3539 derung
212 3485 298 3525 ursres
317 3468 441 3524 Redners
460 3473 593 3528 ricitache
614 3458 849 3542 Ubertreibnngen
870 3469 928 3524 sich
946 3468 1050 3533 finden,
1069 3485 1100 3521 so
1117 3464 1228 3520 beneist

26 3599 27 3614 2
93 3558 150 3611 dics
168 3553 227 3611 noct
247 3558 328 3623 nicht,
349 3558 410 3613 dass
431 3558 528 3615 Cicero
549 3563 624 3618 nieht
638 3562 782 3618 Vertasser
802 3562 892 3615 dieser
907 3557 983 3614 Rode
1002 3558 1050 3622 sei,
1068 3555 1101 3608 da
1116 3553 1145 3624 ja
1163 3552 1227 3605 die-

94 3667 137 3702 ser
165 3647 236 3734 seibs':
261 3649 330 3703 auch
359 3652 523 3709 auderwdrts
555 3672 700 3725 genugsam
729 3652 904 3708 ubertreibtn
951 3647 1025 3702 Idem
1055 3643 1168 3717 quadrat
1194 3640 1228 3694 ad

92 3758 115 3793 e.
134 3739 177 3802 28,
196 3736 280 3808 366.

146 3826 263 3891 2'vcluti
291 3828 325 3883 de
352 3847 375 3883 e·
396 3832 437 3897 17,
463 3832 493 3903 3.
513 3832 556 3899 37,
583 3849 609 3901 p.
629 3831 682 3886 357
705 3832 760 3902 jam
786 3848 869 3903 supra
894 3824 1067 3888 monuimus;
1096 3819 1131 3873 cf.
1148 3818 1227 3872 etiarn

91 3934 113 3968 c.
129 3916 162 3975 2⁴.
182 3910 211 3981 3·
229 3914 271 3977 43,
291 3934 316 3985 p.
335 3917 397 3973 367.
1118 3923 1121 3926 ’

135 3998 160 4067 d)
179 4001 251 4069 quod
275 4004 393 4070 postulat
411 4003 557 4062 Mannum
583 4024 643 4078 pag.
662 4006 702 4077 LJ;
733 4008 766 4061 et.
792 4007 871 4062 etiam
896 4003 997 4068 Wonr,
1027 3996 1113 4053 ruet.
1134 3995 1166 4051 ad
1186 4014 1227 4052 or.

89 4087 201 4149 Marcell.
221 4103 247 4157 p.
264 4084 324 4143 XV.
